@Comment{
ebib-main-file: /home/gebbie/texmf/bibtex/bib/main.bib
}

@String{ajmfr = {Aus. J. Mar. Fr. Res.}}
@String{amb = {Adv. Mar. Biol.}}
@String{amm = {Aust. Met. Mag.}}
@String{ammo = {Appl. Math. Modelling}}
@String{ao = {Atmosphere-Ocean}}
@String{arfm = {Ann. Rev. Fluid Mech.}}
@String{bams = {Bull. Amer. Meteor. Soc.}}
@String{cd = {Clim. Dyn.}}
@String{csr = {Cont. Shelf Res.}}
@String{dao = {Dyn. Atmos. Oceans}}
@String{dsr = {Deep Sea Res.}}
@String{eos = {EOS, Trans., Amer. Geophys. Union}}
@String{epsl = {Earth Planet. Sci. Lett.}}
@String{gafd = {Geophys. Astrophys. Fluid Dyn.}}
@String{gbc = {Global Biogeochem. Cycles}}
@String{gca = {Geochim. Cosmochim. Acta}}
@String{grl = {Geophys. Res. Lett.}}
@String{ijnmf = {Int. J. Num. Meth. Fluids}}
@String{inprep = {in preparation}}
@String{inpress = {in press}}
@String{jam = {J. Appl. Meteor.}}
@String{jaot = {J. Atmos. Ocean Tech.}}
@String{jas = {J. Atmos. Sci.}}
@String{jcl = {J. Climate}}
@String{jcp = {J. Comp. Phys.}}
@String{jfm = {J. Fluid Mech.}}
@String{jglac = {J. of Glaciology}}
@String{jgr = {J. Geophys. Res.}}
@String{jmr = {J. Mar. Res.}}
@String{jms = {J. Mar. Sys.}}
@String{joc = {J. Climate}}
@String{jpo = {J. Phys. Oceanogr.}}
@String{jpr = {J. Plankton. Res.}}
@String{jpy = {J. Phycol}}
@String{lo = {Limnol. Oceanog.}}
@String{mc = {Mar. Chem.}}
@String{meps = {Marine Ecology Progress Series}}
@String{mwr = {Mon. Weath. Rev.}}
@String{nat = {Nature}}
@String{nature = {Nature}}
@String{oc = {Oceanography}}
@String{ocac = {Oceanologica Acta}}
@String{paleo = {Paleoceanography}}
@String{pg = {Prog. Oceanogr.}}
@String{pnas = {Proc. Natl. Acad. Sci. U.S.A.}}
@String{po = {Prog. Oceanogr.}}
@String{ppp = {Paleonogr. Paleoclim. Paleoecol.}}
@String{ptrsl = {Phil. Trans. R. Soc. Lond.}}
@String{ptrsla = {Philos. Trans. Roy. Soc. London A}}
@String{ptrslb = {Philos. Trans. Roy. Soc. London B}}
@String{qjrms = {Q. J. R. Meteorol. Soc.}}
@String{qr = {Quat. Res.}}
@String{qsr = {Quat. Sci. Rev.}}
@String{rg = {Rev. Geophys.}}
@String{rgs = {Rev. of Geophys. and Space Phys.}}
@String{sci = {Science}}
@String{tel = {Tellus}}

@ARTICLE{Gebbie-Huybers-2010:Total,
	author = {G. Gebbie and P. Huybers},
	title = {Total matrix intercomparison: a method for resolving the geometry
	of water-mass pathways},
	journal = JPO,
	year = {2010},
	volume = {40},
	pages = {1710-1728},
	number = {8},
	bdsk-file-1 = {YnBsaXN0MDDUAQIDBAUIJidUJHRvcFgkb2JqZWN0c1gkdmVyc2lvblkkYXJjaGl2ZXLRBgdUcm9vdIABqAkKFRYXGyIjVSRudWxs0wsMDQ4RFFpOUy5vYmplY3RzV05TLmtleXNWJGNsYXNzog8QgASABqISE4ACgAOAB1lhbGlhc0RhdGFccmVsYXRpdmVQYXRo0hgNGRpXTlMuZGF0YU8RAbQAAAAAAbQAAgAADE1hY2ludG9zaCBIRAAAAAAAAAAAAAAAAAAAAMZpO3hIKwAAABU+0xdHZWJiaWUtSHV5YmVycy0yMDEwLnBkZgAAAAAAAAAAAAAAAAAAAAAAAAAAAAAAAAAAAAAAAAAAAAAAAAAAAAAAVhDSyV2j8wAAAAAAAAAAAAMAAgAACSAAAAAAAAAAAAAAAAAAAAAQU2NpZW50aWZpY1BhcGVycwAQAAgAAMZpc7gAAAARAAgAAMld6kMAAAABAAwAFT7TAAqaVAAAhe0AAgBCTWFjaW50b3NoIEhEOlVzZXJzOmdlYmJpZTpTY2llbnRpZmljUGFwZXJzOkdlYmJpZS1IdXliZXJzLTIwMTAucGRmAA4AMAAXAEcAZQBiAGIAaQBlAC0ASAB1AHkAYgBlAHIAcwAtADIAMAAxADAALgBwAGQAZgAPABoADABNAGEAYwBpAG4AdABvAHMAaAAgAEgARAASADVVc2Vycy9nZWJiaWUvU2NpZW50aWZpY1BhcGVycy9HZWJiaWUtSHV5YmVycy0yMDEwLnBkZgAAEwABLwAAFQACAA3//wAAgAXSHB0eH1gkY2xhc3Nlc1okY2xhc3NuYW1lox8gIV1OU011dGFibGVEYXRhVk5TRGF0YVhOU09iamVjdF8QMS4uLy4uLy4uL1NjaWVudGlmaWNQYXBlcnMvR2ViYmllLUh1eWJlcnMtMjAxMC5wZGbSHB0kJaIlIVxOU0RpY3Rpb25hcnkSAAGGoF8QD05TS2V5ZWRBcmNoaXZlcgAIABEAFgAfACgAMgA1ADoAPABFAEsAUgBdAGUAbABvAHEAcwB2AHgAegB8AIYAkwCYAKACWAJaAl8CaAJzAncChQKMApUCyQLOAtEC3gLjAAAAAAAAAgEAAAAAAAAAKAAAAAAAAAAAAAAAAAAAAvU=},
	date-modified = {2011-05-24 11:09:49 -0400},
	doi = {10.1175/2010JPO4272.1},
	keywords = {DOI: 10.1175/2010JPO4272.1},
	owner = {gebbie},
	timestamp = {2015.12.29}
}

@TECHREPORT{Gouretski-Koltermann-2004:WOCE,
	author = {Gouretski, V.V. and K.P. Koltermann},
	title = {{WOCE} {G}lobal {H}ydrographic {C}limatology},
	institution = {Berichte des Bundesamtes f\"ur Seeschifffahrt und Hydrographie},
	year = {2004},
	number = {35},
	bdsk-file-1 = {YnBsaXN0MDDUAQIDBAUIJidUJHRvcFgkb2JqZWN0c1gkdmVyc2lvblkkYXJjaGl2ZXLRBgdUcm9vdIABqAkKFRYXGyIjVSRudWxs0wsMDQ4RFFpOUy5vYmplY3RzV05TLmtleXNWJGNsYXNzog8QgASABqISE4ACgAOAB1lhbGlhc0RhdGFccmVsYXRpdmVQYXRo0hgNGRpXTlMuZGF0YU8RAcwAAAAAAcwAAgAADE1hY2ludG9zaCBIRAAAAAAAAAAAAAAAAAAAAMZpO3hIKwAAABU+0x1Hb3VyZXRza2ktS29sdGVybWFubi0yMDA0LnBkZgAAAAAAAAAAAAAAAAAAAAAAAAAAAAAAAAAAAAAAAAAAAAAAGTI9x6CCNgAAAAAAAAAAAAMAAgAACSAAAAAAAAAAAAAAAAAAAAAQU2NpZW50aWZpY1BhcGVycwAQAAgAAMZpc7gAAAARAAgAAMegyIYAAAABAAwAFT7TAAqaVAAAhe0AAgBITWFjaW50b3NoIEhEOlVzZXJzOmdlYmJpZTpTY2llbnRpZmljUGFwZXJzOkdvdXJldHNraS1Lb2x0ZXJtYW5uLTIwMDQucGRmAA4APAAdAEcAbwB1AHIAZQB0AHMAawBpAC0ASwBvAGwAdABlAHIAbQBhAG4AbgAtADIAMAAwADQALgBwAGQAZgAPABoADABNAGEAYwBpAG4AdABvAHMAaAAgAEgARAASADtVc2Vycy9nZWJiaWUvU2NpZW50aWZpY1BhcGVycy9Hb3VyZXRza2ktS29sdGVybWFubi0yMDA0LnBkZgAAEwABLwAAFQACAA3//wAAgAXSHB0eH1gkY2xhc3Nlc1okY2xhc3NuYW1lox8gIV1OU011dGFibGVEYXRhVk5TRGF0YVhOU09iamVjdF8QNy4uLy4uLy4uL1NjaWVudGlmaWNQYXBlcnMvR291cmV0c2tpLUtvbHRlcm1hbm4tMjAwNC5wZGbSHB0kJaIlIVxOU0RpY3Rpb25hcnkSAAGGoF8QD05TS2V5ZWRBcmNoaXZlcgAIABEAFgAfACgAMgA1ADoAPABFAEsAUgBdAGUAbABvAHEAcwB2AHgAegB8AIYAkwCYAKACcAJyAncCgAKLAo8CnQKkAq0C5wLsAu8C/AMBAAAAAAAAAgEAAAAAAAAAKAAAAAAAAAAAAAAAAAAAAxM=},
	date-modified = {2010-03-06 14:28:37 -0500},
	owner = {gebbie},
	pages = {52},
	timestamp = {2015.12.29}
}

@ARTICLE{Huang--2015:Heaving,
	author = {Huang, Rui Xin},
	title = {Heaving modes in the world oceans},
	journal = {Climate Dynamics},
	year = {2015},
	volume = {45},
	pages = {3563--3591},
	number = {11-12},
	publisher = {Springer},
	timestamp = {2017.11.07}
}

@ARTICLE{Roemmich-Gould-2012:135,
	author = {Roemmich, Dean and Gould, W John and Gilson, John},
	title = {135 years of global ocean warming between the {C}hallenger expedition
	and the {A}rgo {P}rogramme},
	journal = {Nature Climate Change},
	year = {2012},
	volume = {2},
	pages = {425--428},
	number = {6},
	owner = {gebbie},
	publisher = {Nature Research},
	timestamp = {2017.05.25}
}

@TECHREPORT{Tait--1882:Pressure,
	author = {P.G. Tait},
	title = {The Pressure Errors of the {C}hallenger Thermometers, {N}arr. {C}hall.
	{E}xp. {V}ol. {II}, {A}ppendix {A}},
	institution = {HM Stationary Office},
	year = {1882},
	timestamp = {2017.11.05}
}

@ARTICLE{Wortham-Wunsch-2014:multidimensional,
	author = {Wortham, Cimarron and Wunsch, Carl},
	title = {A multidimensional spectral description of ocean variability},
	journal = {Journal of Physical Oceanography},
	year = {2014},
	volume = {44},
	pages = {944--966},
	number = {3},
	owner = {gebbie},
	timestamp = {2017.06.14}
}

